<record><leader>00000cas a2200000 a 4500</leader><controlfield tag="001">13370258</controlfield><controlfield tag="008">860401d18921925paudn ne      0    0eng d</controlfield><datafield ind1=" " ind2=" " tag="010"><subfield code="a">sn 86063545 </subfield></datafield><datafield ind1=" " ind2=" " tag="040"><subfield code="a">KSH</subfield><subfield code="b">eng</subfield><subfield code="c">KSH</subfield><subfield code="d">NPT</subfield><subfield code="d">NPH</subfield><subfield code="d">OCL</subfield><subfield code="d">UPM</subfield><subfield code="d">OCLCQ</subfield><subfield code="d">OCLCF</subfield><subfield code="d">OCLCO</subfield></datafield><datafield ind1="1" ind2=" " tag="029"><subfield code="a">AU@</subfield><subfield code="b">000022168467</subfield></datafield><datafield ind1=" " ind2=" " tag="042"><subfield code="a">msc</subfield></datafield><datafield ind1=" " ind2=" " tag="043"><subfield code="a">n-us-pa</subfield></datafield><datafield ind1="0" ind2="4" tag="245"><subfield code="a">The Bethlehem times.</subfield></datafield><datafield ind1=" " ind2=" " tag="260"><subfield code="a">Bethlehem, Pa. :</subfield><subfield code="b">Times Pub. Co.,</subfield><subfield code="c">1892-1925.</subfield></datafield><datafield ind1=" " ind2=" " tag="300"><subfield code="a">33 v. :</subfield><subfield code="b">ill. ;</subfield><subfield code="c">56 cm.</subfield></datafield><datafield ind1=" " ind2=" " tag="310"><subfield code="a">Daily (except Sun.)</subfield></datafield><datafield ind1="0" ind2=" " tag="362"><subfield code="a">Vol. 26, no. 190 (Sept. 12, 1892)-v. 59, no. 218 (Oct. 16, 1925).</subfield></datafield><datafield ind1=" " ind2="0" tag="651"><subfield code="a">Bethlehem (Pa.)</subfield><subfield code="v">Newspapers.</subfield></datafield><datafield ind1=" " ind2="0" tag="651"><subfield code="a">Northampton County (Pa.)</subfield><subfield code="v">Newspapers.</subfield></datafield><datafield ind1=" " ind2="7" tag="655"><subfield code="a">Newspapers.</subfield><subfield code="2">fast</subfield><subfield code="0">(OCoLC)fst01423814</subfield></datafield><datafield ind1=" " ind2="7" tag="651"><subfield code="a">Pennsylvania</subfield><subfield code="z">Bethlehem.</subfield><subfield code="2">fast</subfield><subfield code="0">(OCoLC)fst01213467</subfield></datafield><datafield ind1=" " ind2="7" tag="651"><subfield code="a">Pennsylvania</subfield><subfield code="z">Northampton County.</subfield><subfield code="2">fast</subfield><subfield code="0">(OCoLC)fst01215236</subfield></datafield><datafield ind1=" " ind2=" " tag="752"><subfield code="a">United States</subfield><subfield code="b">Pennsylvania</subfield><subfield code="c">Northampton</subfield><subfield code="d">Bethlehem.</subfield></datafield><datafield ind1="0" ind2="0" tag="780"><subfield code="t">Daily times (Bethlehem, Pa. : 1889)</subfield><subfield code="w">(DLC)sn 87080301</subfield></datafield><datafield ind1="0" ind2="7" tag="785"><subfield code="t">Bethlehem globe</subfield><subfield code="w">(DLC)sn 87080313</subfield></datafield><datafield ind1="0" ind2="7" tag="785"><subfield code="t">Bethlehem globe-times</subfield><subfield code="w">(DLC)sn 85038437</subfield></datafield></record>